<?xml version="1.0" encoding="UTF-8"?><collection xmlns="http://www.loc.gov/MARC21/slim"><record><leader>00496nam--2200169-i-4500</leader><controlfield tag="001">000009881</controlfield><controlfield tag="002">20161230</controlfield><controlfield tag="005">20170205215021</controlfield><controlfield tag="008">060222s1000------------r-----000-0-eng-d</controlfield><datafield ind1=" " ind2=" " tag="080"><subfield code="a">002</subfield></datafield><datafield ind1=" " ind2=" " tag="245"><subfield code="a">Cooperating information societies. 32nd annual meeting San Francisco, California, October 1-4 1969</subfield></datafield><datafield ind1=" " ind2=" " tag="260"><subfield code="a">Westport</subfield><subfield code="b">Connecticut, Greenwood Publ. Corp</subfield><subfield code="c">1969</subfield></datafield><datafield ind1=" " ind2=" " tag="300"><subfield code="a">VIII+532 p</subfield></datafield><datafield ind1=" " ind2=" " tag="490"><subfield code="a">Proceeding</subfield></datafield><datafield ind1=" " ind2=" " tag="700"><subfield code="a">North, Jeanne B</subfield></datafield><datafield ind1=" " ind2=" " tag="852"><subfield code="a">35522</subfield></datafield><datafield ind1=" " ind2=" " tag="CAT"><subfield code="a">SYS</subfield><subfield code="c">20170205</subfield><subfield code="h">215021</subfield></datafield></record></collection>